@article{Boutilier2006,
	author = "Boutilier, C. and Patrascu, R. and Poupart, P. and Schuurmans, D.",
	journal = "Artifical Intelligence",
	keywords = "COGS",
	number = "8--9",
	pages = "686--713",
	title = "{Constraint-based Optimization and Utility Elicitation using the Minimax Decision Criterion}",
	volume = 170,
	year = "2006"
}

@inproceedings{Cailloux2014,
	author    = {Olivier Cailloux and
	Ulle Endriss},
	title     = {Eliciting a Suitable Voting Rule via Examples},
	booktitle = {{ECAI} 2014 - 21st European Conference on Artificial Intelligence,
	18-22 August 2014, Prague, Czech Republic - Including Prestigious
	Applications of Intelligent Systems {(PAIS} 2014)},
	pages     = {183--188},
	year      = {2014},
	doi       = {10.3233/978-1-61499-419-0-183},
	timestamp = {Wed, 24 May 2017 08:27:19 +0200}
}

@article{Llamazares2013,
	author    = {Bonifacio Llamazares and
	Teresa Pe{\~{n}}a},
	title     = {Aggregating preferences rankings with variable weights},
	journal   = {European Journal of Operational Research},
	volume    = {230},
	number    = {2},
	pages     = {348--355},
	year      = {2013},
	url       = {https://doi.org/10.1016/j.ejor.2013.04.013},
	doi       = {10.1016/j.ejor.2013.04.013},
	timestamp = {Thu, 15 Jun 2017 21:31:49 +0200},
	biburl    = {http://dblp.org/rec/bib/journals/eor/LlamazaresP13},
	bibsource = {dblp computer science bibliography, http://dblp.org}
}

@inproceedings{Lu2011,
  author    = {Tyler Lu and
               Craig Boutilier},
  title     = {Robust Approximation and Incremental Elicitation in Voting Protocols},
  booktitle = {Proceedings of {IJCAI} 2011},
  pages     = {287--293},
  year      = {2011}
}

@article{Stein1994,
title = "A stochastic dominance analysis of ranked voting systems with scoring",
journal = "European Journal of Operational Research",
volume = "74",
number = "1",
pages = "78 - 85",
year = "1994",
issn = "0377-2217",
doi = "https://doi.org/10.1016/0377-2217(94)90205-4",
url = "http://www.sciencedirect.com/science/article/pii/0377221794902054",
author = "William E. Stein and Philip J. Mizzi and Roger C. Pfaffenberger",
keywords = "Decision-making, Stochastic dominance, Preference analysis, Sports"
}

@inproceedings{Viappiani2018,
  author    = {Paolo Viappiani},
  title     = {Positional Scoring Rules with Uncertain Weights},
  booktitle = {Scalable Uncertainty Management - 12th International Conference, {SUM}
               2018, Milan, Italy, October 3-5, 2018, Proceedings},
  pages     = {306--320},
  year      = {2018}
}
